@article{deutsch1992eight,
  title={The eight fallacies of distributed computing},
  author={Deutsch, Peter},
  journal={URL: http://today.java.net/jag/Fallacies.html},
  year={1992}
}

@article{jepsen,
  title={{C}all me maybe: {C}arly {R}ae {J}epsen and the perils of network partitions.},
  author={Kingsbury, Kyle},
  journal={URL: http://aphyr.com/tags/ Jepsen},
  year={2013}
}

@inproceedings{brewer2000towards,
  title={Towards robust distributed systems},
  author={Brewer, Eric A},
  booktitle={PODC},
  pages={7},
  year={2000}
}